[gd_scene load_steps=30 format=2]

[ext_resource path="res://Images/kirby/Background (100ms).png" type="Texture" id=1]
[ext_resource path="res://Images/kirby/Frame 2 (100ms) (replace).png" type="Texture" id=2]
[ext_resource path="res://Images/kirby/Frame 3 (100ms) (replace).png" type="Texture" id=3]
[ext_resource path="res://Images/kirby/Frame 4 (100ms) (replace).png" type="Texture" id=4]
[ext_resource path="res://Images/kirby/Frame 5 (100ms) (replace).png" type="Texture" id=5]
[ext_resource path="res://Images/kirby/Frame 6 (100ms) (replace).png" type="Texture" id=6]
[ext_resource path="res://Images/kirby/Frame 7 (100ms) (replace).png" type="Texture" id=7]
[ext_resource path="res://Images/kirby/Frame 8 (100ms) (combine).png" type="Texture" id=8]
[ext_resource path="res://Images/kirby/Frame 9 (100ms) (combine).png" type="Texture" id=9]
[ext_resource path="res://Images/kirby/Frame 10 (100ms) (combine).png" type="Texture" id=10]
[ext_resource path="res://Images/kirby/Frame 11 (100ms) (replace).png" type="Texture" id=11]
[ext_resource path="res://Images/kirby/Frame 12 (100ms) (replace).png" type="Texture" id=12]
[ext_resource path="res://Images/kirby/Frame 13 (100ms) (replace).png" type="Texture" id=13]
[ext_resource path="res://Images/kirby/Frame 14 (100ms) (replace).png" type="Texture" id=14]
[ext_resource path="res://Images/kirby/Frame 15 (100ms) (replace).png" type="Texture" id=15]
[ext_resource path="res://Images/kirby/Frame 16 (100ms) (replace).png" type="Texture" id=16]
[ext_resource path="res://Images/kirby/Frame 17 (100ms) (combine).png" type="Texture" id=17]
[ext_resource path="res://Images/kirby/Frame 18 (100ms) (combine).png" type="Texture" id=18]
[ext_resource path="res://Images/kirby/Frame 19 (100ms) (combine).png" type="Texture" id=19]
[ext_resource path="res://Images/kirby/Frame 20 (100ms) (combine).png" type="Texture" id=20]
[ext_resource path="res://AnimatedSprite.gd" type="Script" id=21]
[ext_resource path="res://Scripts/Player.gd" type="Script" id=22]
[ext_resource path="res://Images/player.png" type="Texture" id=23]
[ext_resource path="res://Images/gradius-ship.png" type="Texture" id=24]
[ext_resource path="res://Scripts/Background.gd" type="Script" id=25]
[ext_resource path="res://Assets/Art/bgOcean.png" type="Texture" id=26]

[sub_resource type="SpriteFrames" id=1]
animations = [ {
"frames": [ ExtResource( 1 ), ExtResource( 2 ), ExtResource( 3 ), ExtResource( 4 ), ExtResource( 5 ), ExtResource( 6 ), ExtResource( 7 ), ExtResource( 8 ), ExtResource( 9 ), ExtResource( 10 ), ExtResource( 11 ), ExtResource( 12 ), ExtResource( 13 ), ExtResource( 14 ), ExtResource( 15 ), ExtResource( 16 ), ExtResource( 17 ), ExtResource( 18 ), ExtResource( 19 ), ExtResource( 20 ) ],
"loop": true,
"name": "default",
"speed": 5.0
} ]

[sub_resource type="Animation" id=2]
resource_name = "Idle"
length = 0.3
loop = true
tracks/0/type = "value"
tracks/0/path = NodePath("ref:region_rect")
tracks/0/interp = 1
tracks/0/loop_wrap = true
tracks/0/imported = false
tracks/0/enabled = true
tracks/0/keys = {
"times": PoolRealArray( 0, 0.1, 0.2, 0.3 ),
"transitions": PoolRealArray( 1, 1, 1, 1 ),
"update": 0,
"values": [ Rect2( 2, 19.977, 25, 16.023 ), Rect2( 2, 19.977, 25, 16.023 ), Rect2( 2, 19.977, 25, 16.023 ), Rect2( 2, 19.977, 25, 16.023 ) ]
}

[sub_resource type="Animation" id=3]
resource_name = "exhaust"
length = 0.3
loop = true
tracks/0/type = "value"
tracks/0/path = NodePath("Ship/Exhaust:visible")
tracks/0/interp = 1
tracks/0/loop_wrap = true
tracks/0/imported = false
tracks/0/enabled = true
tracks/0/keys = {
"times": PoolRealArray( 0, 0.1, 0.2, 0.228286, 0.3 ),
"transitions": PoolRealArray( 1, 1, 1, 1, 1 ),
"update": 1,
"values": [ false, true, false, false, true ]
}

[node name="Node2D" type="Node2D"]

[node name="AnimatedSprite" type="AnimatedSprite" parent="."]
visible = false
position = Vector2( 520.423, 294.422 )
frames = SubResource( 1 )
script = ExtResource( 21 )

[node name="Player" type="Node" parent="."]
script = ExtResource( 22 )

[node name="Ship" type="Sprite" parent="Player"]
scale = Vector2( 0.5, 0.5 )
texture = ExtResource( 23 )

[node name="Exhaust" type="Sprite" parent="Player/Ship"]
position = Vector2( -44.4814, 9.5594 )
rotation = 3.14159
scale = Vector2( 2, 2 )
texture = ExtResource( 24 )
region_enabled = true
region_rect = Rect2( 141, 20, 7, 6 )

[node name="ParallaxBackground" type="ParallaxBackground" parent="Player/Ship"]
script = ExtResource( 25 )
size = Vector2( 320, 180 )
textures = [ ExtResource( 26 ), ExtResource( 26 ), ExtResource( 26 ) ]
region = [ Vector2( 0, 0 ), Vector2( 320, 0 ), Vector2( 640, 0 ) ]
speeds = [ Vector2( 0.1, 0 ), Vector2( 0.2, 0 ), Vector2( 0.3, 0 ) ]

[node name="Camera2D" type="Camera2D" parent="Player/Ship"]
current = true
smoothing_enabled = true
smoothing_speed = 7.0

[node name="ref" type="Sprite" parent="Player"]
visible = false
position = Vector2( 45.7561, 25.7649 )
texture = ExtResource( 24 )
region_enabled = true
region_rect = Rect2( 2, 19.977, 25, 16.023 )

[node name="AnimationPlayer" type="AnimationPlayer" parent="Player"]
anims/Idle = SubResource( 2 )
anims/exhaust = SubResource( 3 )
